<record><leader>00000cas a2200000 a 4500</leader><controlfield tag="001">2263385</controlfield><controlfield tag="008">760620d19331934nyuwr ne      0   a0eng c</controlfield><datafield ind1=" " ind2=" " tag="010"><subfield code="a">sn 95061693 </subfield></datafield><datafield ind1=" " ind2=" " tag="040"><subfield code="a">PIT</subfield><subfield code="b">eng</subfield><subfield code="c">PIT</subfield><subfield code="d">NSD</subfield><subfield code="d">CNK</subfield><subfield code="d">CNW</subfield><subfield code="d">NYS</subfield><subfield code="d">NVF</subfield><subfield code="d">DLC</subfield><subfield code="d">OCL</subfield><subfield code="d">OCLCQ</subfield><subfield code="d">OCLCF</subfield><subfield code="d">OCLCO</subfield></datafield><datafield ind1="1" ind2=" " tag="029"><subfield code="a">AU@</subfield><subfield code="b">000011903760</subfield></datafield><datafield ind1=" " ind2=" " tag="042"><subfield code="a">pcc</subfield></datafield><datafield ind1=" " ind2=" " tag="043"><subfield code="a">n-us-ny</subfield></datafield><datafield ind1="0" ind2=" " tag="130"><subfield code="a">Labor action (New York, N.Y. : 1933)</subfield></datafield><datafield ind1="1" ind2="0" tag="245"><subfield code="a">Labor action.</subfield></datafield><datafield ind1=" " ind2=" " tag="260"><subfield code="a">New York, N.Y. :</subfield><subfield code="b">Conference for Progressive Labor Action</subfield></datafield><datafield ind1=" " ind2=" " tag="310"><subfield code="a">Weekly</subfield></datafield><datafield ind1="0" ind2=" " tag="362"><subfield code="a">Zero issue (Jan. 21, 1933)-second zero issue (Feb. 25, 1933) ; vol. 1, no. 1 (Apr. 1, 1933)-v. 2, no. 22 (Dec. 15, 1934).</subfield></datafield><datafield ind1=" " ind2=" " tag="550"><subfield code="a">Publication of the American Workers Party.</subfield></datafield><datafield ind1=" " ind2="0" tag="650"><subfield code="a">Labor</subfield><subfield code="z">New York (State)</subfield><subfield code="v">Newspapers.</subfield></datafield><datafield ind1=" " ind2="0" tag="650"><subfield code="a">Socialism</subfield><subfield code="z">New York (State)</subfield><subfield code="v">Newspapers.</subfield></datafield><datafield ind1=" " ind2="0" tag="651"><subfield code="a">New York (N.Y.)</subfield><subfield code="v">Newspapers.</subfield></datafield><datafield ind1=" " ind2="7" tag="655"><subfield code="a">Newspapers.</subfield><subfield code="2">fast</subfield><subfield code="0">(OCoLC)fst01423814</subfield></datafield><datafield ind1=" " ind2="7" tag="650"><subfield code="a">Labor.</subfield><subfield code="2">fast</subfield><subfield code="0">(OCoLC)fst00989798</subfield></datafield><datafield ind1=" " ind2="7" tag="650"><subfield code="a">Socialism.</subfield><subfield code="2">fast</subfield><subfield code="0">(OCoLC)fst01123637</subfield></datafield><datafield ind1=" " ind2="7" tag="651"><subfield code="a">New York (State)</subfield><subfield code="2">fast</subfield><subfield code="0">(OCoLC)fst01210280</subfield></datafield><datafield ind1=" " ind2="7" tag="651"><subfield code="a">New York (State)</subfield><subfield code="z">New York.</subfield><subfield code="2">fast</subfield><subfield code="0">(OCoLC)fst01204333</subfield></datafield><datafield ind1="2" ind2=" " tag="710"><subfield code="a">American Workers Party.</subfield></datafield><datafield ind1=" " ind2=" " tag="752"><subfield code="a">New York</subfield><subfield code="b">New York</subfield><subfield code="c">New York</subfield><subfield code="d">New York.</subfield></datafield><datafield ind1="0" ind2="5" tag="780"><subfield code="t">Labor age</subfield><subfield code="x">0094-8144</subfield><subfield code="w">(DLC)sn 86011783</subfield><subfield code="w">(OCoLC)1755395</subfield></datafield><datafield ind1="0" ind2="7" tag="785"><subfield code="t">Militant (New York, N.Y. : 1928)</subfield><subfield code="w">(DLC)sn 92060631</subfield><subfield code="w">(OCoLC)1640091</subfield></datafield><datafield ind1="0" ind2="7" tag="785"><subfield code="t">New militant</subfield><subfield code="w">(DLC)sn 93062819</subfield><subfield code="w">(OCoLC)1586655</subfield></datafield><datafield ind1="0" ind2="4" tag="785"><subfield code="t">New international</subfield><subfield code="w">(DLC)   40020693</subfield><subfield code="w">(OCoLC)1759830</subfield></datafield></record>